@online{sablonaSOC,
	title        = {Šablona pro psaní SOČ v programu \LaTeX},
	author       = {Dokulil, Jakub},
	year         = 2020,
	location     = {Brno},
	url          = {https://github.com/Kubiczek36/SOC_sablona},
	urldate      = {2020-08-24},
	langid       = {czech}
}
@online{LaTeXprirucka,
	title        = {Ne příliš stručný úvod do systému LaTeX2e},
	author       = {Oetiker, Tobias and Partl, Hubert and Hyna, Irene and Schegl, Elisabeth and Kočer, Michal and Sýkora, Pavel},
	year         = 1998,
	url          = {https://www.jaroska.cz/elearning/informatika/typografie/lshort2e-cz.pdf},
	urldate      = {2020-08-24},
	langid       = {czech}
}
@online{wikibooksLaTeX,
	title        = {Wikibooks: LaTeX},
	year         = 2001,
	address      = {San Francisco, CA},
	url          = {https://en.wikibooks.org/wiki/LaTeX},
	urldate      = {2020-08-24},
	organization = {Wikimedia Foundation}
}
@online{stackExchange,
	title        = {TeX - LaTeX Stack Exchange},
	year         = 2020,
	url          = {https://tex.stackexchange.com},
	urldate      = {2020-09-01},
	organization = {Stack Exchange}
}
@online{socLogo,
	title        = {Středoškolská odborná činnost},
	url          = {https://www.soc.cz},
	urldate      = {2020-08-26},
	langid       = {czech}
}
@online{citacePRO,
	title        = {Citace PRO},
	year         = 2020,
	url          = {https://www.citacepro.com},
	urldate      = {2020-08-31},
	organization = {Citace.com},
	langid       = {czech}
}
@book{Born2019,
	title        = {Principles of optics: electromagnetic theory of propagation, interference and diffraction of light},
	author       = {Born, Max and Wolf, Emil},
	year         = 2019,
	publisher    = {Cambridge University Press},
	address      = {Cambridge},
	isbn         = {978-0-521-64222-4},
	note         = {Reprinted with corrections 2002. 15th printing 2019},
	edition      = 7
}
